@inproceedings{EsterDBSCAN,
  title={A density-based algorithm for discovering clusters in large spatial databases with noise.},
  author={Ester, Martin and Kriegel, Hans-Peter and Sander, J{\"o}rg and Xu, Xiaowei and others},
  booktitle={Kdd},
  volume={96},
  number={34},
  pages={226--231},
  year={1996}
}

@article{nakata2019negative,
  title={Negative BOLD responses during hand and foot movements: An fMRI study},
  author={Nakata, Hiroki and Domoto, Ryo and Mizuguchi, Nobuaki and Sakamoto, Kiwako and Kanosue, Kazuyuki},
  journal={PLOS ONE},
  volume={14},
  number={4},
  pages={e0215736},
  year={2019},
  publisher={Public Library of Science}
}

@article{ciric2017benchmarking,
  title={Benchmarking of participant-level confound regression strategies for the control of motion artifact in studies of functional connectivity},
  author={Ciric, Rastko and Wolf, Daniel H and Power, Jonathan D and Roalf, David R and Baum, Graham L and Ruparel, Kosha and Shinohara, Russell T and Elliott, Mark A and Eickhoff, Simon B and Davatzikos, Christos and others},
  journal={Neuroimage},
  volume={154},
  pages={174--187},
  year={2017},
  publisher={Elsevier}
}

@article{Glasser:2018dt,
author = {Glasser, Matthew F and Coalson, Timothy S and Bijsterbosch, Janine D and Harrison, Samuel J and Harms, Michael P and Anticevic, Alan and Van Essen, David C and Smith, Stephen M},
title = {Using temporal ICA to selectively remove global noise while preserving global signal in functional MRI data},
journal = {NeuroImage},
year = {2018},
volume = {181},
pages = {692--717},
month = nov
}
@incollection{Fulcher:2018vj,
author = {Fulcher, Ben D},
title = {Feature-based time-series analysis},
booktitle = {Feature Engineering for Machine Learning and Data Analytics},
year = {2018},
editor = {Dong, Guozhu and Liu, Huan},
pages = {87--116},
}
@article{Parkes:2018dz,
author = {Parkes, Linden and Fulcher, Ben D and Y{\"u}cel, Murat and Fornito, A},
title = {{An evaluation of the effcy, reliability, and sensitivity of motion correction strategies for resting-state functional MRI}},
journal = {NeuroImage},
year = {2018},
volume = {171},
pages = {415--436},
}


@article{esteban2019fmriprep,
  title={fMRIPrep: a robust preprocessing pipeline for functional MRI},
  author={Esteban, Oscar and Markiewicz, Christopher J and Blair, Ross W and Moodie, Craig A and Isik, A Ilkay and Erramuzpe, Asier and Kent, James D and Goncalves, Mathias and DuPre, Elizabeth and Snyder, Madeleine and others},
  journal={Nature methods},
  volume={16},
  number={1},
  pages={111},
  year={2019},
  publisher={Nature Publishing Group}
}

@article{poldrack2016phenome,
  title={A phenome-wide examination of neural and cognitive function},
  author={Poldrack, Russell A and Congdon, Eliza and Triplett, William and Gorgolewski, KJ and Karlsgodt, KH and Mumford, JA and Sabb, FW and Freimer, NB and London, ED and Cannon, TD and others},
  journal={Scientific data},
  volume={3},
  pages={160110},
  year={2016},
  publisher={Nature Publishing Group}
}

@article{power2018ridding,
  title={Ridding fMRI data of motion-related influences: Removal of signals with distinct spatial and physical bases in multiecho data},
  author={Power, Jonathan D and Plitt, Mark and Gotts, Stephen J and Kundu, Prantik and Voon, Valerie and Bandettini, Peter A and Martin, Alex},
  journal={Proceedings of the National Academy of Sciences},
  volume={115},
  number={9},
  pages={E2105--E2114},
  year={2018},
  publisher={National Acad Sciences}
}


@article{power2017simple,
  title={A simple but useful way to assess fMRI scan qualities},
  author={Power, Jonathan D},
  journal={Neuroimage},
  volume={154},
  pages={150--158},
  year={2017},
  publisher={Elsevier}
}


@article{fmriprep2,
    author = {Esteban, Oscar and Blair, Ross and Markiewicz, Christopher J. and Berleant, Shoshana L. and Moodie, Craig and Ma, Feilong and Isik, Ayse Ilkay and Erramuzpe, Asier and Kent, James D. andGoncalves, Mathias and DuPre, Elizabeth and Sitek, Kevin R. and Gomez, Daniel E. P. and Lurie, Daniel J. and Ye, Zhifang and Poldrack, Russell A. and Gorgolewski, Krzysztof J.},
    title = {FMRIPrep 1.2.5},
    year = 2018,
    doi = {10.5281/zenodo.852659},
    publisher = {Zenodo},
    journal = {Software}
}

@article{nipype1,
    author = {Gorgolewski, K. and Burns, C. D. and Madison, C. and Clark, D. and Halchenko, Y. O. and Waskom, M. L. and Ghosh, S.},
    doi = {10.3389/fninf.2011.00013},
    journal = {Frontiers in Neuroinformatics},
    pages = 13,
    shorttitle = {Nipype},
    title = {Nipype: a flexible, lightweight and extensible neuroimaging data processing framework in Python},
    volume = 5,
    year = 2011
}

@article{nipype2,
    author = {Gorgolewski, Krzysztof J. and Esteban, Oscar and Markiewicz, Christopher J. and Ziegler, Erik and Ellis, David Gage and Notter, Michael Philipp and Jarecka, Dorota and Johnson, Hans and Burns, Christopher and Manh�es-Savio, Alexandre and Hamalainen, Carlo and Yvernault, Benjamin and Salo, Taylor and Jordan, Kesshi and Goncalves, Mathias and Waskom, Michael and Clark, Daniel and Wong, Jason and Loney, Fred and Modat, Marc and Dewey, Blake E and Madison, Cindee and Visconti di Oleggio Castello, Matteo and Clark, Michael G. and Dayan, Michael and Clark, Dav and Keshavan, Anisha and Pinsard, Basile and Gramfort, Alexandre and Berleant, Shoshana and Nielson, Dylan M. and Bougacha, Salma and Varoquaux, Gael and Cipollini, Ben and Markello, Ross and Rokem, Ariel and Moloney, Brendan and Halchenko, Yaroslav O. and Wassermann , Demian and Hanke, Michael and Horea, Christian and Kaczmarzyk, Jakub and Gilles de Hollander and DuPre, Elizabeth and Gillman, Ashley and Mordom, David and Buchanan, Colin and Tungaraza, Rosalia and Pauli, Wolfgang M. and Iqbal, Shariq and Sikka, Sharad and Mancini, Matteo and Schwartz, Yannick and Malone, Ian B. and Dubois, Mathieu and Frohlich, Caroline and Welch, David and Forbes, Jess and Kent, James and Watanabe, Aimi and Cumba, Chad and Huntenburg, Julia M. and Kastman, Erik and Nichols, B. Nolan and Eshaghi, Arman and Ginsburg, Daniel and Schaefer, Alexander and Acland, Benjamin and Giavasis, Steven and Kleesiek, Jens and Erickson, Drew and K�ttner, Ren� and Haselgrove, Christian and Correa, Carlos and Ghayoor, Ali and Liem, Franz and Millman, Jarrod and Haehn, Daniel and Lai, Jeff and Zhou, Dale and Blair, Ross and Glatard, Tristan and Renfro, Mandy and Liu, Siqi and Kahn, Ari E. and P�rez-Garc�a, Fernando and Triplett, William and Lampe, Leonie and Stadler, J�rg and Kong, Xiang-Zhen and Hallquist, Michael and Chetverikov, Andrey and Salvatore, John and Park, Anne and Poldrack, Russell and Craddock, R. Cameron and Inati, Souheil and Hinds, Oliver and Cooper, Gavin and Perkins, L. Nathan and Marina, Ana and Mattfeld, Aaron and Noel, Maxime and Lukas Snoek and Matsubara, K and Cheung, Brian and Rothmei, Simon and Urchs, Sebastian and Durnez, Joke and Mertz, Fred and Geisler, Daniel and Floren, Andrew and Gerhard, Stephan and Sharp, Paul and Molina-Romero, Miguel and Weinstein, Alejandro and Broderick, William and Saase, Victor and Andberg, Sami Kristian and Harms, Robbert and Schlamp, Kai and Arias, Jaime and Papadopoulos Orfanos, Dimitri and Tarbert, Claire and Tambini, Arielle and De La Vega, Alejandro and Nickson, Thomas and Brett, Matthew and Falkiewicz, Marcel and Podranski, Kornelius and Linkersd�rfer, Janosch and Flandin, Guillaume and Ort, Eduard and Shachnev, Dmitry and McNamee, Daniel and Davison, Andrew and Varada, Jan and Schwabacher, Isaac and Pellman, John and Perez-Guevara, Martin and Khanuja, Ranjeet and Pannetier, Nicolas and McDermottroe, Conor and Ghosh, Satrajit},
    title = {Nipype},
    year = 2018,
    doi = {10.5281/zenodo.596855},
    publisher = {Zenodo},
    journal = {Software}
}

@article{n4,
    author = {Tustison, N. J. and Avants, B. B. and Cook, P. A. and Zheng, Y. and Egan, A. and Yushkevich, P. A. and Gee, J. C.},
    doi = {10.1109/TMI.2010.2046908},
    issn = {0278-0062},
    journal = {IEEE Transactions on Medl Imaging},
    number = 6,
    pages = {1310-1320},
    shorttitle = {N4ITK},
    title = {N4ITK: Improved N3 Bias Correction},
    volume = 29,
    year = 2010
}

@article{fs_reconall,
    author = {Dale, Anders M. and Fischl, Bruce and Sereno, Martin I.},
    doi = {10.1006/nimg.1998.0395},
    issn = {1053-8119},
    journal = {NeuroImage},
    number = 2,
    pages = {179-194},
    shorttitle = {Cortl Surface-Based Analysis},
    title = {Cortical Surface-Based Analysis: I. Segmentation and Surface Reconstruction},
    url = {http://www.sciencedirect.com/science/article/pii/S1053811998903950},
    volume = 9,
    year = 1999
}



@article{mindboggle,
    author = {Klein, Arno and Ghosh, Satrajit S. and Bao, Forrest S. and Giard, Joachim and H�me, Yrj� and Stavsky, Eliezer and Lee, Noah and Rossa, Brian and Reuter, Martin and Neto, Elias Chaibub and Keshavan, Anisha},
    doi = {10.1371/journal.pcbi.1005350},
    issn = {1553-7358},
    journal = {PLoS Computational Biology},
    number = 2,
    pages = {e1005350},
    title = {Mindboggling morphometry of human brains},
    url = {http://journals.plos.org/ploscompbiol/article?id=10.1371/journal.pcbi.1005350},
    volume = 13,
    year = 2017
}

@article{mni,
    author = {Fonov, VS and Evans, AC and McKinstry, RC and Almli, CR and Collins, DL},
    doi = {10.1016/S1053-8119(09)70884-5},
    issn = {1053-8119},
    journal = {NeuroImage},
    pages = {S102},
    series = {Organization for Human Brain Mapping 2009 Annual Meeting},
    title = {Unbiased nonlinear average age-appropriate brain templates from birth to adulthood},
    url = {http://www.sciencedirect.com/science/article/pii/S1053811909708845},
    volume = {47, Supplement 1},
    year = 2009
}

@article{ants,
    author = {Avants, B.B. and Epstein, C.L. and Grossman, M. and Gee, J.C.},
    doi = {10.1016/j.media.2007.06.004},
    issn = {1361-8415},
    journal = {Medl Image Analysis},
    number = 1,
    pages = {26-41},
    shorttitle = {Symmetric diffeomorphic image registration with cross-correlation},
    title = {Symmetric diffeomorphic image registration with cross-correlation: Evaluating automated labeling of elderly and neurodegenerative brain},
    url = {http://www.sciencedirect.com/science/article/pii/S1361841507000606},
    volume = 12,
    year = 2008
}

@article{fsl_fast,
    author = {Zhang, Y. and Brady, M. and Smith, S.},
    doi = {10.1109/42.906424},
    issn = {0278-0062},
    journal = {IEEE Transactions on Medl Imaging},
    number = 1,
    pages = {45-57},
    title = {Segmentation of brain {MR} images through a hidden Markov random field model and the expectation-maximization algorithm},
    volume = 20,
    year = 2001
}


@article{fieldmapless1,
    author = {Wang, Sijia and Peterson, Daniel J. and Gatenby, J. C. and Li, Wenbin and Grabowski, Thomas J. and Madhyastha, Tara M.},
    doi = {10.3389/fninf.2017.00017},
    issn = {1662-5196},
    journal = {Frontiers in Neuroinformatics},
    language = {English},
    title = {Evaluation of Field Map and Nonlinear Registration Methods for Correction of Susceptibility Artifacts in Diffusion {MRI}},
    url = {http://journal.frontiersin.org/article/10.3389/fninf.2017.00017/full},
    volume = 11,
    year = 2017
}

@phdthesis{fieldmapless2,
    address = {Berlin},
    author = {Huntenburg, Julia M.},
    language = {eng},
    school = {Freie Universitat},
    title = {Evaluating nonlinear coregistration of {BOLD} {EPI} and T1w images},
    type = {Master's Thesis},
    url = {http://hdl.handle.net/11858/00-001M-0000-002B-1CB5-A},
    year = 2014
}

@article{fieldmapless3,
    author = {Treiber, Jeffrey Mark and White, Nathan S. and Steed, Tyler Christian and Bartsch, Hauke and Holland, Dominic and Farid, Nikdokht and McDonald, Carrie R. and Carter, Bob S. and Dale, Anders Martin and Chen, Clark C.},
    doi = {10.1371/journal.pone.0152472},
    issn = {1932-6203},
    journal = {PLOS ONE},
    number = 3,
    pages = {e0152472},
    title = {Characterization and Correction of Geometric Distortions in 814 Diffusion Weighted Images},
    url = {http://journals.plos.org/plosone/article?id=10.1371/journal.pone.0152472},
    volume = 11,
    year = 2016
}

@article{flirt,
    title = {A global optimisation method for robust affine registration of brain images},
    volume = {5},
    issn = {1361-8415},
    url = {http://www.sciencedirect.com/science/article/pii/S1361841501000366},
    doi = {10.1016/S1361-8415(01)00036-6},
    number = {2},
    urldate = {2018-07-27},
    journal = {Medl Image Analysis},
    author = {Jenkinson, Mark and Smith, Stephen},
    year = {2001},
    keywords = {Affine transformation, flirt, fsl, Global optimisation, Multi-resolution search, Multimodal registration, Robustness},
    pages = {143--156}
}

@article{mcflirt,
    author = {Jenkinson, Mark and Bannister, Peter and Brady, Michael and Smith, Stephen},
    doi = {10.1006/nimg.2002.1132},
    issn = {1053-8119},
    journal = {NeuroImage},
    number = 2,
    pages = {825-841},
    title = {Improved Optimization for the Robust and Accurate Linear Registration and Motion Correction of Brain Images},
    url = {http://www.sciencedirect.com/science/article/pii/S1053811902911328},
    volume = 17,
    year = 2002
}

@article{bbr,
    author = {Greve, Douglas N and Fischl, Bruce},
    doi = {10.1016/j.neuroimage.2009.06.060},
    issn = {1095-9572},
    journal = {NeuroImage},
    number = 1,
    pages = {63-72},
    title = {Accurate and robust brain image alignment using boundary-based registration},
    volume = 48,
    year = 2009
}

@article{aroma,
    author = {Pruim, Raimon H. R. and Mennes, Maarten and van Rooij, Daan and Llera, Alberto and Buitelaar, Jan K. and Beckmann, Christian F.},
    doi = {10.1016/j.neuroimage.2015.02.064},
    issn = {1053-8119},
    journal = {NeuroImage},
    number = {Supplement C},
    pages = {267-277},
    shorttitle = {ICA-AROMA},
    title = {ICA-{AROMA}: A robust {ICA}-based strategy for removing motion artifacts from fMRI data},
    url = {http://www.sciencedirect.com/science/article/pii/S1053811915001822},
    volume = 112,
    year = 2015
}

@article{power_fd_dvars,
    author = {Power, Jonathan D. and Mitra, Anish and Laumann, Timothy O. and Snyder, Abraham Z. and Schlaggar, Bradley L. and Petersen, Steven E.},
    doi = {10.1016/j.neuroimage.2013.08.048},
    issn = {1053-8119},
    journal = {NeuroImage},
    number = {Supplement C},
    pages = {320-341},
    title = {Methods to detect, characterize, and remove motion artifact in resting state fMRI},
    url = {http://www.sciencedirect.com/science/article/pii/S1053811913009117},
    volume = 84,
    year = 2014
}

@article{nilearn,
    author = {Abraham, Alexandre and Pedregosa, Fabian and Eickenberg, Michael and Gervais, Philippe and Mueller, Andreas and Kossaifi, Jean and Gramfort, Alexandre and Thirion, Bertrand and Varoquaux, Gael},
    doi = {10.3389/fninf.2014.00014},
    issn = {1662-5196},
    journal = {Frontiers in Neuroinformatics},
    language = {English},
    title = {Machine learning for neuroimaging with scikit-learn},
    url = {https://www.frontiersin.org/articles/10.3389/fninf.2014.00014/full},
    volume = 8,
    year = 2014
}

@article{lanczos,
    author = {Lanczos, C.},
    doi = {10.1137/0701007},
    issn = {0887-459X},
    journal = {Journal of the Society for Industrial and Applied Mathematics Series B Numerl Analysis},
    number = 1,
    pages = {76-85},
    title = {Evaluation of Noisy Data},
    url = {http://epubs.siam.org/doi/10.1137/0701007},
    volume = 1,
    year = 1964
}

@article{compcor,
    author = {Behzadi, Yashar and Restom, Khaled and Liau, Joy and Liu, Thomas T.},
    doi = {10.1016/j.neuroimage.2007.04.042},
    issn = {1053-8119},
    journal = {NeuroImage},
    number = 1,
    pages = {90-101},
    title = {A component based noise correction method ({CompCor}) for {BOLD} and perfusion based fMRI},
    url = {http://www.sciencedirect.com/science/article/pii/S1053811907003837},
    volume = 37,
    year = 2007
}

@article{hcppipelines,
    author = {Glasser, Matthew F. and Sotiropoulos, Stamatios N. and Wilson, J. Anthony and Coalson, Timothy S. and Fischl, Bruce and Andersson, Jesper L. and Xu, Junqian and Jbabdi, Saad and Webster, Matthew and Polimeni, Jonathan R. and Van Essen, David C. and Jenkinson, Mark},
    doi = {10.1016/j.neuroimage.2013.04.127},
    issn = {1053-8119},
    journal = {NeuroImage},
    pages = {105-124},
    series = {Mapping the Connectome},
    title = {The minimal preprocessing pipelines for the Human Connectome Project},
    url = {http://www.sciencedirect.com/science/article/pii/S1053811913005053},
    volume = 80,
    year = 2013
}

@article{fs_template,
    author = {Reuter, Martin and Rosas, Herminia Diana and Fischl, Bruce},
    doi = {10.1016/j.neuroimage.2010.07.020},
    journal = {NeuroImage},
    number = 4,
    pages = {1181-1196},
    title = {Highly accurate inverse consistent registration: A robust approach},
    volume = 53,
    year = 2010
}

@article{afni,
    author = {Cox, Robert W. and Hyde, James S.},
    doi = {10.1002/(SICI)1099-1492(199706/08)10:4/5<171::AID-NBM453>3.0.CO;2-L},
    journal = {NMR in Biomedicine},
    number = {4-5},
    pages = {171-178},
    title = {Software tools for analysis and visualization of fMRI data},
    volume = 10,
    year = 1997
}

@article{posse_t2s,
    author = {Posse, Stefan and Wiese, Stefan and Gembris, Daniel and Mathiak, Klaus and Kessler, Christoph and Grosse-Ruyken, Maria-Liisa and Elghahwagi, Barbara and Richards, Todd and Dager, Stephen R. and Kiselev, Valerij G.},
    doi = {10.1002/(SICI)1522-2594(199907)42:1<87::AID-MRM13>3.0.CO;2-O},
    journal = {Magnetic Resonance in Medicine},
    number = 1,
    pages = {87-97},
    title = {Enhancement of {BOLD}-contrast sensitivity by single-shot multi-echo functional {MR} imaging},
    volume = 42,
    year = 1999
}

@article{saad2012-gsr-neg,
  title={Trouble at rest: how correlation patterns and group differences become distorted after global signal regression},
  author={Saad, Ziad S and Gotts, Stephen J and Murphy, Kevin and Chen, Gang and Jo, Hang Joon and Martin, Alex and Cox, Robert W},
  journal={Brain connectivity},
  volume={2},
  number={1},
  pages={25--32},
  year={2012},
  publisher={Mary Ann Liebert, Inc. 140 Huguenot Street, 3rd Floor New Rochelle, NY 10801 USA}
}

@article{gordon2014generation,
  title={Generation and evaluation of a cortl area parcellation from resting-state correlations},
  author={Gordon, Evan M and Laumann, Timothy O and Adeyemo, Babatunde and Huckins, Jeremy F and Kelley, William M and Petersen, Steven E},
  journal={Cerebral cortex},
  volume={26},
  number={1},
  pages={288--303},
  year={2014},
  publisher={Oxford University Press}
}


@article{satterthwaite2012impact,
  title={Impact of in-scanner head motion on multiple measures of functional connectivity: relevance for studies of neurodevelopment in youth},
  author={Satterthwaite, Theodore D and Wolf, Daniel H and Loughead, James and Ruparel, Kosha and Elliott, Mark A and Hakonarson, Hakon and Gur, Ruben C and Gur, Raquel E},
  journal={Neuroimage},
  volume={60},
  number={1},
  pages={623--632},
  year={2012},
  publisher={Elsevier}
}

@article{carbonell2011global,
  title={Global and system-specific resting-state fMRI fluctuations are uncorrelated: principal component analysis reveals anti-correlated networks},
  author={Carbonell, Felix and Bellec, Pierre and Shmuel, Amir},
  journal={Brain connectivity},
  volume={1},
  number={6},
  pages={496--510},
  year={2011},
  publisher={Mary Ann Liebert, Inc. 140 Huguenot Street, 3rd Floor New Rochelle, NY 10801 USA}
}


@article{Fox:2009ev,
author = {Fox, Michael D and Zhang, D and Snyder, A Z and Raichle, Marcus E},
title = {{The Global Signal and Observed Anticorrelated Resting State Brain Networks}},
journal = {J. Neurophysiol.},
year = {2009},
volume = {101},
number = {6},
pages = {3270--3283},
month = may
}
 
@article{murphy2017towards,
  title={Towards a consensus regarding global signal regression for resting state functional connectivity MRI},
  author={Murphy, Kevin and Fox, Michael D},
  journal={Neuroimage},
  volume={154},
  pages={169--173},
  year={2017},
  publisher={Elsevier}
}

@article{fox2005human,
  title={The human brain is intrinslly organized into dynamic, anticorrelated functional networks},
  author={Fox, Michael D and Snyder, Abraham Z and Vincent, Justin L and Corbetta, Maurizio and Van Essen, David C and Raichle, Marcus E},
  journal={Proc. Natl. Acad. Sci. USA},
  volume={102},
  number={27},
  pages={9673--9678},
  year={2005},
  publisher={National Acad Sciences}
}

@article{jo2010mapping,
  title={Mapping sources of correlation in resting state FMRI, with artifact detection and removal},
  author={Jo, Hang Joon and Saad, Ziad S and Simmons, W Kyle and Milbury, Lydia A and Cox, Robert W},
  journal={Neuroimage},
  volume={52},
  number={2},
  pages={571--582},
  year={2010},
  publisher={Elsevier}
}

@article{power2017sources,
  title={Sources and impltions of whole-brain fMRI signals in humans},
  author={Power, Jonathan D and Plitt, Mark and Laumann, Timothy O and Martin, Alex},
  journal={Neuroimage},
  volume={146},
  pages={609--625},
  year={2017},
  publisher={Elsevier}
}

@article{beckmann2005investigations,
  title={Investigations into resting-state connectivity using independent component analysis},
  author={Beckmann, Christian F and DeLuca, Marilena and Devlin, Joseph T and Smith, Stephen M},
  journal={Philosophl Transactions of the Royal Society B: Biologl Sciences},
  volume={360},
  number={1457},
  pages={1001--1013},
  year={2005},
  publisher={The Royal Society London}
}

@article{smith2009correspondence,
  title={Correspondence of the brain's functional architecture during activation and rest},
  author={Smith, Stephen M and Fox, Peter T and Miller, Karla L and Glahn, David C and Fox, P Mickle and Mackay, Clare E and Filippini, Nicola and Watkins, Kate E and Toro, Roberto and Laird, Angela R and others},
  journal={Proceedings of the National Academy of Sciences},
  volume={106},
  number={31},
  pages={13040--13045},
  year={2009},
  publisher={National Acad Sciences}
}

@article{power2019temporal,
  title={Temporal  has not properly separated global fMRI signals: A comment on Glasser et al.(2018).},
  author={Power, Jonathan D},
  journal={Neuroimage},
  publisher={Elsevier},
  year={2019},
}

@article{fox2009global,
  title={The global signal and observed anticorrelated resting state brain networks},
  author={Fox, Michael D and Zhang, Dongyang and Snyder, Abraham Z and Raichle, Marcus E},
  journal={Journal of neurophysiology},
  volume={101},
  number={6},
  pages={3270--3283},
  year={2009},
  publisher={Amern Physiologl Society}
}

@article{fox2010clinl,
  title={Clinl appltions of resting state functional connectivity},
  author={Fox, Michael D and Greicius, Michael},
  journal={Frontiers in systems neuroscience},
  volume={4},
  pages={19},
  year={2010},
  publisher={Frontiers}
}

@article{fornito2011general,
  title={General and specific functional connectivity disturbances in first-episode schizophrenia during cognitive control performance},
  author={Fornito, Alex and Yoon, Jong and Zalesky, Andrew and Bullmore, Edward T and Carter, Cameron S},
  journal={Biologl psychiatry},
  volume={70},
  number={1},
  pages={64--72},
  year={2011},
  publisher={Elsevier}
}

@article{zuo2010oscillating,
  title={The oscillating brain: complex and reliable},
  author={Zuo, Xi-Nian and Di Martino, Adriana and Kelly, Clare and Shehzad, Zarrar E and Gee, Dylan G and Klein, Donald F and Castellanos, F Xavier and Biswal, Bharat B and Milham, Michael P},
  journal={Neuroimage},
  volume={49},
  number={2},
  pages={1432--1445},
  year={2010},
  publisher={Elsevier}
}

@article{fornito2011genetic,
  title={Genetic influences on cost-efficient organization of human cortl functional networks},
  author={Fornito, Alex and Zalesky, Andrew and Bassett, Danielle S and Meunier, David and Ellison-Wright, Ian and Y{\"u}cel, Murat and Wood, Stephen J and Shaw, Karen and O'Connor, Jennifer and Nertney, Deborah and others},
  journal={Journal of Neuroscience},
  volume={31},
  number={9},
  pages={3261--3270},
  year={2011},
  publisher={Soc Neuroscience}
}

@article{glahn2010genetic,
  title={Genetic control over the resting brain},
  author={Glahn, David C and Winkler, AM and Kochunov, P and Almasy, L and Duggirala, R and Carless, MA and Curran, JC and Olvera, RL and Laird, AR and Smith, SM and others},
  journal={Proceedings of the National Academy of Sciences},
  volume={107},
  number={3},
  pages={1223--1228},
  year={2010},
  publisher={National Acad Sciences}
}
@article{finn2015functional,
  title={Functional connectome fingerprinting: identifying individuals using patterns of brain connectivity},
  author={Finn, Emily S and Shen, Xilin and Scheinost, Dustin and Rosenberg, Mon D and Huang, Jess and Chun, Marvin M and Papademetris, Xenophon and Constable, R Todd},
  journal={Nature neuroscience},
  volume={18},
  number={11},
  pages={1664},
  year={2015},
  publisher={Nature Publishing Group}
}

@article{fornito2012brain,
  title={Brain connectivity and mental illness},
  author={Fornito, Alex and Harrison, Ben},
  journal={Frontiers in psychiatry},
  volume={3},
  pages={72},
  year={2012},
  publisher={Frontiers}
}

@article{lynall2010functional,
  title={Functional connectivity and brain networks in schizophrenia},
  author={Lynall, Mary-Ellen and Bassett, Danielle S and Kerwin, Robert and McKenna, Peter J and Kitzbichler, Manfred and Muller, Ulrich and Bullmore, Ed},
  journal={Journal of Neuroscience},
  volume={30},
  number={28},
  pages={9477--9487},
  year={2010},
  publisher={Soc Neuroscience}
}
@article{assaf2010abnormal,
  title={Abnormal functional connectivity of default mode sub-networks in autism spectrum disorder patients},
  author={Assaf, Michal and Jagannathan, Kanchana and Calhoun, Vince D and Miller, Laura and Stevens, Michael C and Sahl, Robert and O'boyle, Jacqueline G and Schultz, Robert T and Pearlson, Godfrey D},
  journal={Neuroimage},
  volume={53},
  number={1},
  pages={247--256},
  year={2010},
  publisher={Elsevier}
}
@article{vincent2008evidence,
  title={Evidence for a frontoparietal control system revealed by intrinsic functional connectivity},
  author={Vincent, Justin L and Kahn, Itamar and Snyder, Abraham Z and Raichle, Marcus E and Buckner, Randy L},
  journal={Journal of neurophysiology},
  volume={100},
  number={6},
  pages={3328--3342},
  year={2008},
  publisher={Amern Physiologl Society}
}

@article{fox2006coherent,
  title={Coherent spontaneous activity accounts for trial-to-trial variability in human evoked brain responses},
  author={Fox, Michael D and Snyder, Abraham Z and Zacks, Jeffrey M and Raichle, Marcus E},
  journal={Nature neuroscience},
  volume={9},
  number={1},
  pages={23},
  year={2006},
  publisher={Nature Publishing Group}
}
@article{dosenbach2007distinct,
  title={Distinct brain networks for adaptive and stable task control in humans},
  author={Dosenbach, Nico UF and Fair, Damien A and Miezin, Francis M and Cohen, Alexander L and Wenger, Kristin K and Dosenbach, Ronny AT and Fox, Michael D and Snyder, Abraham Z and Vincent, Justin L and Raichle, Marcus E and others},
  journal={Proceedings of the National Academy of Sciences},
  volume={104},
  number={26},
  pages={11073--11078},
  year={2007},
  publisher={National Acad Sciences}
}

@article{birn2006separating,
  title={Separating respiratory-variation-related fluctuations from neuronal-activity-related fluctuations in fMRI},
  author={Birn, Rasmus M and Diamond, Jason B and Smith, Mon A and Bandettini, Peter A},
  journal={Neuroimage},
  volume={31},
  number={4},
  pages={1536--1548},
  year={2006},
  publisher={Elsevier}
}

@article{chang2009effects,
  title={Effects of model-based physiologl noise correction on default mode network anti-correlations and correlations},
  author={Chang, Catie and Glover, Gary H},
  journal={Neuroimage},
  volume={47},
  number={4},
  pages={1448--1459},
  year={2009},
  publisher={Elsevier}
}

@article{glover2000image,
  title={Image-based method for retrospective correction of physiologl motion effects in fMRI: RETROICOR},
  author={Glover, Gary H and Li, Tie-Qiang and Ress, David},
  journal={Magnetic Resonance in Medicine: An Official Journal of the International Society for Magnetic Resonance in Medicine},
  volume={44},
  number={1},
  pages={162--167},
  year={2000},
  publisher={Wiley Online Library}
}
@article{yan2010dparsf,
  title={DPARSF: a MATLAB toolbox for" pipeline" data analysis of resting-state fMRI},
  author={Yan, Chaogan and Zang, Yufeng},
  journal={Frontiers in systems neuroscience},
  volume={4},
  pages={13},
  year={2010},
  publisher={Frontiers}
}

@article{satterthwaite2013improved,
  title={An improved framework for confound regression and filtering for control of motion artifact in the preprocessing of resting-state functional connectivity data},
  author={Satterthwaite, Theodore D and Elliott, Mark A and Gerraty, Raphael T and Ruparel, Kosha and Loughead, James and Calkins, Mon E and Eickhoff, Simon B and Hakonarson, Hakon and Gur, Ruben C and Gur, Raquel E and others},
  journal={Neuroimage},
  volume={64},
  pages={240--256},
  year={2013},
  publisher={Elsevier}
}
@article{power2013steps,
  title={Steps toward optimizing motion artifact removal in functional connectivity MRI; a reply to Carp},
  author={Power, Jonathan D and Barnes, Kelly Anne and Snyder, Abraham Z and Schlaggar, Bradley L and Petersen, Steven E},
  journal={Neuroimage},
  volume={76},
  year={2013},
  publisher={NIH Public Access}
}

@article{power2013steps,
  title={Steps toward optimizing motion artifact removal in functional connectivity MRI; a reply to Carp},
  author={Power, Jonathan D and Barnes, Kelly Anne and Snyder, Abraham Z and Schlaggar, Bradley L and Petersen, Steven E},
  journal={Neuroimage},
  volume={76},
  year={2013},
  publisher={NIH Public Access}
}

@article{beckmann2005investigations,
  title={Investigations into resting-state connectivity using independent component analysis},
  author={Beckmann, Christian F and DeLuca, Marilena and Devlin, Joseph T and Smith, Stephen M},
  journal={Philosophl Transactions of the Royal Society B: Biologl Sciences},
  volume={360},
  number={1457},
  pages={1001--1013},
  year={2005},
  publisher={The Royal Society London}
}
@article{griffanti2014,
  title={-based artefact removal and accelerated fMRI acquisition for improved resting state network imaging},
  author={Griffanti, Ludov and Salimi-Khorshidi, Gholamreza and Beckmann, Christian F and Auerbach, Edward J and Douaud, Gwena{\"e}lle and Sexton, Claire E and Zsoldos, Enik{\H{o}} and Ebmeier, Klaus P and Filippini, Nicola and Mackay, Clare E and others},
  journal={Neuroimage},
  volume={95},
  pages={232--247},
  year={2014},
  publisher={Elsevier}
}

@article{behzadi2007component,
  title={A component based noise correction method (CompCor) for BOLD and perfusion based fMRI},
  author={Behzadi, Yashar and Restom, Khaled and Liau, Joy and Liu, Thomas T},
  journal={Neuroimage},
  volume={37},
  number={1},
  pages={90--101},
  year={2007},
  publisher={Elsevier}
}
@article{kundu2012differentiating,
  title={Differentiating BOLD and non-BOLD signals in fMRI time series using multi-echo EPI},
  author={Kundu, Prantik and Inati, Souheil J and Evans, Jennifer W and Luh, Wen-Ming and Bandettini, Peter A},
  journal={Neuroimage},
  volume={60},
  number={3},
  pages={1759--1770},
  year={2012},
  publisher={Elsevier}
}

@article{kundu2013integrated,
  title={Integrated strategy for improving functional connectivity mapping using multiecho fMRI},
  author={Kundu, Prantik and Brenowitz, Noah D and Voon, Valerie and Worbe, Yulia and V{\'e}rtes, Petra E and Inati, Souheil J and Saad, Ziad S and Bandettini, Peter A and Bullmore, Edward T},
  journal={Proceedings of the National Academy of Sciences},
  volume={110},
  number={40},
  pages={16187--16192},
  year={2013},
  publisher={National Acad Sciences}
}

@article{burgess2016evaluation,
  title={Evaluation of denoising strategies to address motion-correlated artifacts in resting-state functional magnetic resonance imaging data from the human connectome project},
  author={Burgess, Gregory C and Kandala, Sridhar and Nolan, Dan and Laumann, Timothy O and Power, Jonathan D and Adeyemo, Babatunde and Harms, Michael P and Petersen, Steven E and Barch, Deanna M},
  journal={Brain connectivity},
  volume={6},
  number={9},
  pages={669--680},
  year={2016},
  publisher={Mary Ann Liebert, Inc. 140 Huguenot Street, 3rd Floor New Rochelle, NY 10801 USA}
}
@article{li2019global,
  title={Global Signal Regression Strengthens Association between Resting-State Functional Connectivity and Behavior},
  author={Li, Jingwei and Kong, Ru and Liegeois, Raphael and Orban, Csaba and Tan, Yanrui and Sun, Nanbo and Holmes, Avram J and Sabuncu, Mert R and Ge, Tian and Yeo, BT Thomas},
  journal={BioRxiv},
  pages={548644},
  year={2019},
  publisher={Cold Spring Harbor Laboratory}
}

@article{murphy2009impact,
  title={The impact of global signal regression on resting state correlations: are anti-correlated networks introduced?},
  author={Murphy, Kevin and Birn, Rasmus M and Handwerker, Daniel A and Jones, Tyler B and Bandettini, Peter A},
  journal={Neuroimage},
  volume={44},
  number={3},
  pages={893--905},
  year={2009},
  publisher={Elsevier}
}

@article{gotts2013perils,
  title={The perils of global signal regression for group comparisons: a case study of Autism Spectrum Disorders},
  author={Gotts, Stephen J and Saad, Ziad S and Jo, Hang Joon and Wallace, Gregory L and Cox, Robert W and Martin, Alex},
  journal={Frontiers in human neuroscience},
  volume={7},
  pages={356},
  year={2013},
  publisher={Frontiers}
}

@article{saad2013correcting,
  title={Correcting brain-wide correlation differences in resting-state FMRI},
  author={Saad, Ziad S and Reynolds, Richard C and Jo, Hang Joon and Gotts, Stephen J and Chen, Gang and Martin, Alex and Cox, Robert W},
  journal={Brain connectivity},
  volume={3},
  number={4},
  pages={339--352},
  year={2013},
  publisher={Mary Ann Liebert, Inc. 140 Huguenot Street, 3rd Floor New Rochelle, NY 10801 USA}
}

@article{yang2014altered,
  title={Altered global brain signal in schizophrenia},
  author={Yang, Genevieve J and Murray, John D and Repovs, Grega and Cole, Michael W and Savic, Aleksandar and Glasser, Matthew F and Pittenger, Christopher and Krystal, John H and Wang, Xiao-Jing and Pearlson, Godfrey D and others},
  journal={Proceedings of the National Academy of Sciences},
  volume={111},
  number={20},
  pages={7438--7443},
  year={2014},
  publisher={National Acad Sciences}
}

@article{scholvinck2010neural,
  title={Neural basis of global resting-state fMRI activity},
  author={Sch{\"o}lvinck, Marieke L and Maier, Alexander and Frank, Q Ye and Duyn, Jeff H and Leopold, David A},
  journal={Proceedings of the National Academy of Sciences},
  volume={107},
  number={22},
  pages={10238--10243},
  year={2010},
  publisher={National Acad Sciences}
}

@article{turchi2018basal,
  title={The basal forebrain regulates global resting-state fMRI fluctuations},
  author={Turchi, Janita and Chang, Catie and Frank, Q Ye and Russ, Brian E and David, K Yu and Cortes, Carlos R and Monosov, Ilya E and Duyn, Jeff H and Leopold, David A},
  journal={Neuron},
  volume={97},
  number={4},
  pages={940--952},
  year={2018},
  publisher={Elsevier}
}
@article{liu2017global,
  title={The global signal in fMRI: Nuisance or Information?},
  author={Liu, Thomas T and Nalci, Aln and Falahpour, Maryam},
  journal={Neuroimage},
  volume={150},
  pages={213--229},
  year={2017},
  publisher={Elsevier}
}

@article{chang2016tracking,
  title={Tracking brain arousal fluctuations with fMRI},
  author={Chang, Catie and Leopold, David A and Sch{\"o}lvinck, Marieke Louise and Mandelkow, Hendrik and Picchioni, Dante and Liu, Xiao and Frank, Q Ye and Turchi, Janita N and Duyn, Jeff H},
  journal={Proceedings of the National Academy of Sciences},
  volume={113},
  number={16},
  pages={4518--4523},
  year={2016},
  publisher={National Acad Sciences}
}

@article{wong2013amplitude,
  title={The amplitude of the resting-state fMRI global signal is related to EEG vigilance measures},
  author={Wong, Chi Wah and Olafsson, Valur and Tal, Omer and Liu, Thomas T},
  journal={Neuroimage},
  volume={83},
  pages={983--990},
  year={2013},
  publisher={Elsevier}
}

@article{wen2016broadband,
  title={Broadband electrophysiologl dynamics contribute to global resting-state fMRI signal},
  author={Wen, Haiguang and Liu, Zhongming},
  journal={Journal of Neuroscience},
  volume={36},
  number={22},
  pages={6030--6040},
  year={2016},
  publisher={Soc Neuroscience}
}

@inproceedings{zhou2011godec,
  title={Godec: Randomized low-rank \& sparse matrix decomposition in noisy case},
  author={Zhou, Tianyi and Tao, Dacheng},
  booktitle={Proceedings of the 28th International Conference on Machine Learning, ICML 2011},
  year={2011}
}

@article{erdougan2016correcting,
  title={Correcting for blood arrival time in global mean regression enhances functional connectivity analysis of resting state fMRI-BOLD signals},
  author={Erdo{\u{g}}an, Sinem B and Tong, Yunjie and Hocke, Lia M and Lindsey, Kimberly P and deB Frederick, Blaise},
  journal={Frontiers in human neuroscience},
  volume={10},
  pages={311},
  year={2016},
  publisher={Frontiers}
}

@article{nickerson2017using,
  title={Using dual regression to investigate network shape and amplitude in functional connectivity analyses},
  author={Nickerson, Lisa D and Smith, Stephen M and {\"O}ng{\"u}r, D{\"o}st and Beckmann, Christian F},
  journal={Frontiers in neuroscience},
  volume={11},
  pages={115},
  year={2017},
  publisher={Frontiers}
}

@article{winkler2014permutation,
  title={Permutation inference for the general linear model},
  author={Winkler, Anderson M and Ridgway, Gerard R and Webster, Matthew A and Smith, Stephen M and Nichols, Thomas E},
  journal={Neuroimage},
  volume={92},
  pages={381--397},
  year={2014},
  publisher={Elsevier}
}

@article{fox2007spontaneous,
  title={Spontaneous fluctuations in brain activity observed with functional magnetic resonance imaging},
  author={Fox, Michael D and Raichle, Marcus E},
  journal={Nature reviews neuroscience},
  volume={8},
  number={9},
  pages={700},
  year={2007},
  publisher={Nature Publishing Group}
}

@article{fornito2010can,
  title={What can spontaneous fluctuations of the blood oxygenation-level-dependent signal tell us about psychiatric disorders?},
  author={Fornito, Alex and Bullmore, Edward T},
  journal={Current opinion in psychiatry},
  volume={23},
  number={3},
  pages={239--249},
  year={2010},
  publisher={LWW}
}


@article{shehzad2009resting,
  title={The resting brain: unconstrained yet reliable},
  author={Shehzad, Zarrar and Kelly, AM Clare and Reiss, Philip T and Gee, Dylan G and Gotimer, Kristin and Uddin, Lucina Q and Lee, Sang Han and Margulies, Daniel S and Roy, Amy Krain and Biswal, Bharat B and others},
  journal={Cerebral cortex},
  volume={19},
  number={10},
  pages={2209--2229},
  year={2009},
  publisher={Oxford University Press}
}

@article{amico2018quest,
  title={The quest for identifiability in human functional connectomes},
  author={Amico, Enrico and Go{\~n}i, Joaqu{\'\i}n},
  journal={Scientific reports},
  volume={8},
  number={1},
  pages={8254},
  year={2018},
  publisher={Nature Publishing Group}
}

@article{zhang2010disease,
  title={Disease and the brain's dark energy},
  author={Zhang, Dongyang and Raichle, Marcus E},
  journal={Nature Reviews Neurology},
  volume={6},
  number={1},
  pages={15},
  year={2010},
  publisher={Nature Publishing Group}
}

@article{hesselmann2008spontaneous,
  title={Spontaneous local variations in ongoing neural activity bias perceptual decisions},
  author={Hesselmann, Guido and Kell, Christian A and Eger, Evelyn and Kleinschmidt, Andreas},
  journal={Proceedings of the National Academy of Sciences},
  volume={105},
  number={31},
  pages={10984--10989},
  year={2008},
  publisher={National Acad Sciences}
}

@article{glasser2019classification,
  title={Classification of temporal ICA components for separating global noise from fMRI data: Reply to power},
  author={Glasser, Matthew F and Coalson, Timothy S and Bijsterbosch, Janine D and Harrison, Samuel J and Harms, Michael P and Anticevic, Alan and Van Essen, David C and Smith, Stephen M},
  journal={NeuroImage},
  year={2019},
  publisher={Elsevier}
}

@article{chang2009influence,
  title={Influence of heart rate on the BOLD signal: the cardiac response function},
  author={Chang, Catie and Cunningham, John P and Glover, Gary H},
  journal={Neuroimage},
  volume={44},
  number={3},
  pages={857--869},
  year={2009},
  publisher={Elsevier}
}

@article{birn2008respiration,
  title={The respiration response function: the temporal dynamics of fMRI signal fluctuations related to changes in respiration},
  author={Birn, Rasmus M and Smith, Monica A and Jones, Tyler B and Bandettini, Peter A},
  journal={Neuroimage},
  volume={40},
  number={2},
  pages={644--654},
  year={2008},
  publisher={Elsevier}
}

@article{yan2013,
title={A comprehensive assessment of regional variation in the impact of head micromovements on functional connectomics.},
author={Yan, C.G. and Cheung, B. and Kelly, C. and Colcombe, S. and Craddock, R.C. and Di Martino, A. and Li, Q. and Zuo, X.N. and Castellanos, F.X. and Milham, M.P.},
journal={Neuroimage},
pages={183--201},
volume={76},
year={2013},
}

@article{Friston1996,
title={Movement‐related effects in fMRI time‐series.},
author={Friston, Karl J. and Steven Williams and Robert Howard and Richard SJ Frackowiak, and Robert Turner},
journal={Magnetic resonance in medicine},
year={1996},
pages={346--355},
volume={35},
number={3},
}

@article{Uddin2017,
title={Mixed signals: On separating brain signal from noise},
author={Uddin, L.Q},
journal={Trends in cognitive sciences},
pages={405--406},
volume={21},
number={6},
year={2017},
}

@article{power2017TICS,
title={On global fMRI signals and simulations},
author={Power, J.D. and Laumann, T.O. and Plitt, M. and Martin, A. and Petersen, S.E.},
journal={Trends in cognitive sciences},
volume={21},
number={12},
year={2017},
pages={911--913},
}

@article{siegel2016,
title={Data quality influences observed links between functional connectivity and behavior},
author={Siegel, J.S. and Mitra, A. and Laumann, T.O. and Seitzman, B.A. and Raichle, M. and Corbetta, M. and Snyder, A.Z.},
journal={Cerebral Cortex},
volume={27},
number={9},
year={2016},
pages={4492--4502},
}


@article{wu2018accurate,
  title={Accurate nonlinear mapping between MNI volumetric and FreeSurfer surface coordinate systems},
  author={Wu, Jianxiao and Ngo, Gia H and Greve, Douglas and Li, Jingwei and He, Tong and Fischl, Bruce and Eickhoff, Simon B and Yeo, BT Thomas},
  journal={Human brain mapping},
  volume={39},
  number={9},
  pages={3793--3808},
  year={2018},
  publisher={Wiley Online Library}
}

@article{zalesky2014time,
  title={Time-resolved resting-state brain networks},
  author={Zalesky, Andrew and Fornito, Alex and Cocchi, Luca and Gollo, Leonardo L and Breakspear, Michael},
  journal={Proceedings of the National Academy of Sciences},
  volume={111},
  number={28},
  pages={10341--10346},
  year={2014},
  publisher={National Acad Sciences}
}

@article{allen2019raincloud,
  title={Raincloud plots: a multi-platform tool for robust data visualization},
  author={Allen, Micah and Poggiali, Davide and Whitaker, Kirstie and Marshall, Tom Rhys and Kievit, Rogier A},
  journal={Wellcome open research},
  volume={4},
  year={2019},
  publisher={The Wellcome Trust}
}

@article{beckmann2012modelling,
  title={Modelling with independent components},
  author={Beckmann, Christian F},
  journal={Neuroimage},
  volume={62},
  number={2},
  pages={891--901},
  year={2012},
  publisher={Elsevier}
}

@article{beckmann2004probabilistic,
  title={Probabilistic independent component analysis for functional magnetic resonance imaging},
  author={Beckmann, Christian F and Smith, Stephen M},
  journal={IEEE transactions on medical imaging},
  volume={23},
  number={2},
  pages={137--152},
  year={2004},
  publisher={IEEE}
}

@article{dipasquale2017comparing,
  title={Comparing resting state fMRI de-noising approaches using multi-and single-echo acquisitions},
  author={Dipasquale, Ottavia and Sethi, Arjun and Lagan{\`a}, Maria Marcella and Baglio, Francesca and Baselli, Giuseppe and Kundu, Prantik and Harrison, Neil A and Cercignani, Mara},
  journal={PloS one},
  volume={12},
  number={3},
  pages={e0173289},
  year={2017},
  publisher={Public Library of Science}
}

@article{van2013wu,
  title={The WU-Minn human connectome project: an overview},
  author={Van Essen, David C and Smith, Stephen M and Barch, Deanna M and Behrens, Timothy EJ and Yacoub, Essa and Ugurbil, Kamil and Wu-Minn HCP Consortium and others},
  journal={Neuroimage},
  volume={80},
  pages={62--79},
  year={2013},
  publisher={Elsevier}
}

@article{robinson2014msm,
  title={MSM: a new flexible framework for Multimodal Surface Matching},
  author={Robinson, Emma C and Jbabdi, Saad and Glasser, Matthew F and Andersson, Jesper and Burgess, Gregory C and Harms, Michael P and Smith, Stephen M and Van Essen, David C and Jenkinson, Mark},
  journal={Neuroimage},
  volume={100},
  pages={414--426},
  year={2014},
  publisher={Elsevier}
}

@article{glasser2016multi,
  title={A multi-modal parcellation of human cerebral cortex},
  author={Glasser, Matthew F and Coalson, Timothy S and Robinson, Emma C and Hacker, Carl D and Harwell, John and Yacoub, Essa and Ugurbil, Kamil and Andersson, Jesper and Beckmann, Christian F and Jenkinson, Mark and others},
  journal={Nature},
  volume={536},
  number={7615},
  pages={171},
  year={2016},
  publisher={Nature Publishing Group}
}

@article{aquino2019identifying,
  title={Identifying and removing widespread signal deflections from fMRI data: Rethinking the global signal regression problem},
  author={Aquino, Kevin M and Fulcher, Ben D and Parkes, Linden and Sabaroedin, Kristina and Fornito, Alex},
  journal={bioRxiv},
  pages={662726},
  year={2019},
  publisher={Cold Spring Harbor Laboratory}
}